
@Manual{R-data.table,
  title = {Human universals, human nature
& human culture},
  author = {Donald E. Brown},
  year = {2004},
  note = {R package version 1.12.0},
  url = {https://scholar.google.com/scholar_lookup?hl=en&publication_year=1991&author=D.+E.+Brown&title=Human+universals},
}
@Manual{R-summarytools,
  title = {For 5-Month-Old Infants, Melodies Are Social},
  author = {Samuel A. Mehr, Lee Ann Song and Elizabeth S. Spelke},
  year = {2016},
  note = {R package version 0.9.2},
  url = {https://journals.sagepub.com/doi/10.1177/0956797615626691},
}
@Manual{R-pwr,
  title = {Music in the home: New evidence for an intergenerational link},
  author = {Samuel A. Mehr},
  year = {2014},
  note = {R package version 1.2-2},
  url = {https://journals.sagepub.com/doi/full/10.1177/0022429413520008},
}

@Manual{R-base,
  title = {R: A Language and Environment for Statistical Computing},
  author = {{R Core Team}},
  organization = {R Foundation for Statistical Computing},
  address = {Vienna, Austria},
  year = {2018},
  url = {https://www.R-project.org/},
}
@Manual{R-dplyr,
  title = {dplyr: A Grammar of Data Manipulation},
  author = {Hadley Wickham and Romain François and Lionel Henry and Kirill Müller},
  year = {2019},
  note = {R package version 0.8.0.1},
  url = {https://CRAN.R-project.org/package=dplyr},
}
@Manual{R-papaja,
  author = {Frederik Aust and Marius Barth},
  title = {{papaja}: {Create} {APA} manuscripts with {R Markdown}},
  year = {2018},
  note = {R package version 0.1.0.9842},
  url = {https://github.com/crsh/papaja},
}
